@article{Ketelaar,
author = {Ketelaar, J G and Visser, L C and Stramigioli, S and Carloni, R},
file = {:C$\backslash$:/Users/Tavo/Documents/Escuela/PhD/Papers Italy/ICRA13{\_}b.pdf:pdf},
title = {{Controller Design for a Bipedal Walking Robot using Variable Stiffness Actuators}}
}
